@book{Tate2021,
  author    = {Robert L. Tate},
  title     = {Soil Microbiology},
  edition   = {3},
  year      = {2021},
  publisher = {John Wiley \& Sons, Inc.},
  address   = {Hoboken, NJ, USA},
  isbn      = {978-0-470-31110-3},
  note      = {Third Edition},
  url       = {http://www.wiley.com},
  abstract  = {Department of Environmental Sciences, Rutgers University, New Brunswick, NJ, USA}
}

@book{Paul2007,
  editor    = {Eldor A. Paul},
  title     = {Soil Microbiology, Ecology, and Biochemistry},
  edition   = {3},
  year      = {2007},
  publisher = {Academic Press},
  address   = {Burlington, MA, USA},
  isbn      = {978-0-12-546807-7},
  note      = {Third Edition},
  url       = {http://www.elsevier.com}
}
