// TODO: is this correct values
@misc{2014/35/EU,
    title = "{Directive 2014/35/EU of the European Parliament and of the Council of 26 February 2014 on the harmonisation of the laws of the Member States relating to the making available on the market of electrical equipment designed for use within certain voltage limits (recast)}",
    author = "{European Union}",
    howpublished = {\url{https://eur-lex.europa.eu/legal-content/EN/TXT/?uri=CELEX%3A32014L0035}},
    year = {2014},
    note = "Official Journal of the European Union, L 96, 29 March 2014, pp. 357-374",
}
