// TODO: is this correct values
@misc{2014/35/EU,
    title = "{Directive 2014/35/EU of the European Parliament and of the Council of 26 February 2014 on the harmonisation of the laws of the Member States relating to the making available on the market of electrical equipment designed for use within certain voltage limits (recast)}",
    author = "{European Union}",
    howpublished = {\url{https://eur-lex.europa.eu/legal-content/EN/TXT/?uri=CELEX%3A32014L0035}},
    year = {2014},
    note = "Official Journal of the European Union, L 96, 29 March 2014, pp. 357-374",
}

@book{Pao2025Intermediate,
  author    = {Yih-Hsing Pao and Li-Sheng Wang},
  title     = {Intermediate Classical Mechanics},
  publisher = {Springer Singapore},
  year      = {2025},
  address   = {Singapore},
  edition   = {1},
  isbn      = {978-981-97-9135-4},
  doi       = {10.1007/978-981-97-9136-1},
  url       = {https://doi.org/10.1007/978-981-97-9136-1},
  pages     = {XIX, 430},
  keywords  = {Classical Mechanics, Mechanical Engineering, Classical and Continuum Physics}
}

@article{Port-HamiltonianAjal2006,
author = {Schaft, Arjan},
year = {2006},
month = {01},
pages = {},
title = {Port-Hamiltonian systems: an introductory survey},
journal = {Proceedings oh the International Congress of Mathematicians, Vol. 3, 2006-01-01, ISBN 978-3-03719-022-7, pags. 1339-1366}
}
