// TODO: is this correct values
@misc{2014/35/EU,
    title = "{Directive 2014/35/EU of the European Parliament and of the Council of 26 February 2014 on the harmonisation of the laws of the Member States relating to the making available on the market of electrical equipment designed for use within certain voltage limits (recast)}",
    author = "{European Union}",
    howpublished = {\url{https://eur-lex.europa.eu/legal-content/EN/TXT/?uri=CELEX\%3A32014L0035}},
    year = {2014},
    note = "Official Journal of the European Union, L 96, 29 March 2014, pp. 357-374",
}

@book{oed,
  title = {Oxford English Dictionary},
  publisher = {Oxford University Press},
  year = {2024}, % Or the specific year of publication if known
  edition = {3}, % If using the 3rd edition
  url = {https://www.oed.com}, % Or the specific URL of the entry
  urldate = {2024-10-27}, % Or the date you accessed the online entry
  note = {Accessed online at the Oxford English Dictionary}
}
